<?xml version="1.0" encoding="UTF-8"?><collection xmlns="http://www.loc.gov/MARC21/slim"><record><leader>00646nam--2200193-u-4500</leader><controlfield tag="001">000054127</controlfield><controlfield tag="002">20161230</controlfield><controlfield tag="005">20161230201051</controlfield><controlfield tag="008">110803s1000------------r-----000-0-eng-d</controlfield><datafield ind1=" " ind2=" " tag="040"><subfield code="a">IFIN-HH</subfield></datafield><datafield ind1=" " ind2=" " tag="080"><subfield code="a">537.56</subfield></datafield><datafield ind1="1" ind2=" " tag="100"><subfield code="a">Maecker,H</subfield></datafield><datafield ind1="1" ind2="0" tag="245"><subfield code="a">Ionization phenomena in gases</subfield><subfield code="b">Proceedings of the fifth international conference on ionization phenomena in gases (munich, 28 august - 1 september 1961)</subfield><subfield code="c">H. maecker (ed.)</subfield></datafield><datafield ind1=" " ind2=" " tag="260"><subfield code="a">Amsterdam</subfield><subfield code="b">North-holland Publishing Company</subfield><subfield code="c">1962</subfield></datafield><datafield ind1=" " ind2=" " tag="300"><subfield code="a">TWO VOLUMES</subfield></datafield><datafield ind1=" " ind2=" " tag="490"><subfield code="a">Series In Physics</subfield></datafield><datafield ind1=" " ind2=" " tag="787"><subfield code="a">Volume Ii</subfield><subfield code="h">/1139p./2337p</subfield></datafield><datafield ind1=" " ind2=" " tag="852"><subfield code="a">17502</subfield><subfield code="c">537.52</subfield></datafield><datafield ind1=" " ind2=" " tag="CAT"><subfield code="a">Sys</subfield><subfield code="c">20110803</subfield><subfield code="h">154631</subfield></datafield></record></collection>